<?xml version="1.0" encoding="UTF-8"?><collection xmlns="http://www.loc.gov/MARC21/slim"><record><leader>00483nam--2200169-i-4500</leader><controlfield tag="001">000014985</controlfield><controlfield tag="002">20161230</controlfield><controlfield tag="005">20161230201031</controlfield><controlfield tag="008">060222s1000------------r-----000-0-eng-d</controlfield><datafield ind1=" " ind2=" " tag="040"><subfield code="a">IFIN-HH</subfield></datafield><datafield ind1=" " ind2=" " tag="080"><subfield code="a">537.84</subfield></datafield><datafield ind1="1" ind2=" " tag="100"><subfield code="a">Anderson, J.Edward</subfield></datafield><datafield ind1="1" ind2="0" tag="245"><subfield code="a">Magnetohydrodynamic shock waves</subfield><subfield code="c">J.edward anderson</subfield></datafield><datafield ind1=" " ind2=" " tag="260"><subfield code="a">Cambridge, Massachusetts</subfield><subfield code="b">The Massachusetts Institute Of Technology</subfield><subfield code="c">1963</subfield></datafield><datafield ind1=" " ind2=" " tag="300"><subfield code="a">XIV + 226 P</subfield></datafield><datafield ind1=" " ind2=" " tag="852"><subfield code="a">76225</subfield><subfield code="c">538.4</subfield></datafield><datafield ind1=" " ind2=" " tag="CAT"><subfield code="a">Sys</subfield><subfield code="c">20110920</subfield><subfield code="h">160124</subfield></datafield></record></collection>